%% This BibTeX bibliography file was created using BibDesk.
%% http://bibdesk.sourceforge.net/


%% Created for Jyh-Ming Lien at 2010-10-21 13:30:08 -0400 


%% Saved with string encoding Unicode (UTF-8) 



@article{em-tdas-94,
	Author = {H. Edelsbrunner and E. P. M{\"u}cke},
	Date-Added = {2010-10-21 13:27:38 -0400},
	Date-Modified = {2010-10-21 13:27:38 -0400},
	Journal = {ACM Trans. Graph.},
	Month = jan,
	Number = 1,
	Pages = {43--72},
	Title = {Three-dimensional Alpha Shapes},
	Update = {94.09 orourke},
	Volume = 13,
	Year = 1994,
	Bdsk-Url-1 = {ftp://cs.uiuc.edu/pub/edels/geometry/shapes-94.tar.Z}}

@inproceedings{abk-anvra-98,
	Author = {N. Amenta and M.Bern and M. Kamvysselis},
	Booktitle = {SIGGRAPH, Orlando, FL},
	Date-Added = {2010-10-21 13:23:08 -0400},
	Date-Modified = {2010-10-21 13:23:08 -0400},
	Title = {A new voronoi-based reconstruction algorithm},
	Year = 1998}

@inproceedings{Secord:2002:WVS:508530.508537,
  author = {Secord, Adrian},
  title = {Weighted Voronoi Stippling},
  booktitle = {Proceedings of the 2nd International Symposium on Non-photorealistic Animation and Rendering},
  series = {NPAR '02},
  year = {2002},
  isbn = {1-58113-494-0},
  location = {Annecy, France},
  pages = {37--43},
	numpages = {7},
	url = {http://doi.acm.org/10.1145/508530.508537},
	doi = {10.1145/508530.508537},
	acmid = {508537},
	publisher = {ACM},
	address = {New York, NY, USA},
	keywords = {Voronoi diagrams, non-photorealistic rendering, stippling},
} 

